<collection xmlns="http://www.loc.gov/MARC21/slim">
   <record>
      <leader>03209cam a2200421 i 45 0</leader>
      <controlfield tag="001">6813173</controlfield>
      <controlfield tag="003">OCoLC</controlfield>
      <controlfield tag="005">20150302111913.0</controlfield>
      <controlfield tag="006">m     o  d        </controlfield>
      <controlfield tag="007">cr cnu|unuuu||</controlfield>
      <controlfield tag="008">150225s2015    xx      o     000 0 eng d</controlfield>
      <datafield ind1=" " ind2=" " tag="020">
         <subfield code="a">9780309368148</subfield>
         <subfield code="q">electronic bk.</subfield>
      </datafield>
      <datafield ind1=" " ind2=" " tag="020">
         <subfield code="a">0309368146</subfield>
         <subfield code="q">electronic bk.</subfield>
      </datafield>
      <datafield ind1=" " ind2=" " tag="020">
         <subfield code="z">9780309368131</subfield>
      </datafield>
      <datafield ind1=" " ind2=" " tag="035">
         <subfield code="a">ocn904012138</subfield>
      </datafield>
      <datafield ind1=" " ind2=" " tag="039">
         <subfield code="a">exclude</subfield>
      </datafield>
      <datafield ind1=" " ind2=" " tag="040">
         <subfield code="a">N$T</subfield>
         <subfield code="b">eng</subfield>
         <subfield code="e">rda</subfield>
         <subfield code="e">pn</subfield>
         <subfield code="c">N$T</subfield>
         <subfield code="d">AEU</subfield>
      </datafield>
      <datafield ind1=" " ind2=" " tag="090">
         <subfield code="a">Internet Access</subfield>
         <subfield code="b">AEU</subfield>
      </datafield>
      <datafield ind1="1" ind2=" " tag="110">
         <subfield code="a">Committee on Opportunities for the Employment of Simulation in U.S. Air Force Training Environments: A Workshop.</subfield>
      </datafield>
      <datafield ind1="1" ind2="0" tag="245">
         <subfield code="a">Opportunities for the employment of simulation in U.S. Air Force training environments</subfield>
         <subfield code="h">[electronic resource] :</subfield>
         <subfield code="b">a workshop report /</subfield>
         <subfield code="c">Committee on Opportunites for the Employment of Simulation in U.S. Air Force Training Environments: A Workshop ; Air Force Studies Board ; Division on Engineering and Physical Sciences.</subfield>
      </datafield>
      <datafield ind1=" " ind2="1" tag="264">
         <subfield code="a">Washington, DC :</subfield>
         <subfield code="b">National Academies Press,</subfield>
         <subfield code="c">[2015]</subfield>
      </datafield>
      <datafield ind1=" " ind2="4" tag="264">
         <subfield code="c">©2015</subfield>
      </datafield>
      <datafield ind1=" " ind2=" " tag="300">
         <subfield code="a">1 online resource.</subfield>
      </datafield>
      <datafield ind1=" " ind2=" " tag="336">
         <subfield code="a">text</subfield>
         <subfield code="b">txt</subfield>
         <subfield code="2">rdacontent</subfield>
         <subfield code="0">http://id.loc.gov/vocabulary/contentTypes/txt</subfield>
      </datafield>
      <datafield ind1=" " ind2=" " tag="337">
         <subfield code="a">computer</subfield>
         <subfield code="b">c</subfield>
         <subfield code="2">rdamedia</subfield>
         <subfield code="0">http://id.loc.gov/vocabulary/mediaTypes/c</subfield>
      </datafield>
      <datafield ind1=" " ind2=" " tag="338">
         <subfield code="a">online resource</subfield>
         <subfield code="b">cr</subfield>
         <subfield code="2">rdacarrier</subfield>
         <subfield code="0">http://id.loc.gov/vocabulary/carriers/cr</subfield>
      </datafield>
      <datafield ind1="0" ind2=" " tag="505">
         <subfield code="a">Air Force simulation needs -- How simulation is currently used by military, industry, and government agencies -- Committee member observations on adapting additional simulation techniques for the Air Force.</subfield>
      </datafield>
      <datafield ind1=" " ind2=" " tag="520">
         <subfield code="a">Simulators currently provide an alternative to aircraft when it comes to training requirements, both for the military and for commercial airlines. For the U.S. Air Force, in particular, simulation for training offers a cost-effective way, and in many instances a safer way in comparison with live flying, to replicate real-world missions. Current technical issues related to simulation for training include simulation fidelity and multi-level security, among others, which will need to be addressed in order for the Air Force to take full advantaged of this technology. The workshop held in November 2014 examined the current status of simulation training, alternative uses, current and future technologies, and how the combination of simulation and live training can improve aircrew training. The scope of the workshop focused on technologies and practices that could be applicable to high end aircraft simulations.</subfield>
      </datafield>
      <datafield ind1="0" ind2=" " tag="588">
         <subfield code="a">Vendor-supplied metadata.</subfield>
      </datafield>
      <datafield ind1=" " ind2=" " tag="596">
         <subfield code="a">13 44</subfield>
      </datafield>
      <datafield ind1="1" ind2=" " tag="700">
         <subfield code="a">Board, Air Force Studies.</subfield>
      </datafield>
      <datafield ind1="1" ind2=" " tag="700">
         <subfield code="a">Council, National Research.</subfield>
         <subfield code="0">http://viaf.org/viaf/139356333</subfield>
      </datafield>
      <datafield ind1="2" ind2=" " tag="710">
         <subfield code="a">Division on Engineering and Physical Sciences</subfield>
         <subfield code="0">http://viaf.org/viaf/142087451</subfield>
      </datafield>
      <datafield ind1=" " ind2=" " tag="758">
         <subfield code="0">http://worldcat.org/entity/work/id/23866793</subfield>
      </datafield>
      <datafield ind1="0" ind2=" " tag="787">
         <subfield code="n">OCLC Work Id</subfield>
         <subfield code="o">http://worldcat.org/entity/work/id/23866793</subfield>
      </datafield>
      <datafield ind1="4" ind2="0" tag="856">
         <subfield code="3">Free Access</subfield>
         <subfield code="u">http://www.nap.edu/openbook.php?record_id=21674</subfield>
         <subfield code="z">from National Academies Press</subfield>
      </datafield>
      <datafield ind1=" " ind2=" " tag="926">
         <subfield code="a">Internet Access</subfield>
         <subfield code="w">LC</subfield>
         <subfield code="c">1</subfield>
         <subfield code="i">6813173-1001</subfield>
         <subfield code="l">INTERNET</subfield>
         <subfield code="m">UAINTERNET</subfield>
         <subfield code="r">Y</subfield>
         <subfield code="s">Y</subfield>
         <subfield code="t">E-RESOURCE</subfield>
         <subfield code="u">3/2/2015</subfield>
         <subfield code="x">E-BOOK</subfield>
         <subfield code="z">NAP</subfield>
      </datafield>
      <datafield ind1=" " ind2=" " tag="926">
         <subfield code="a">Internet Access</subfield>
         <subfield code="w">LC</subfield>
         <subfield code="c">1</subfield>
         <subfield code="i">6813173-2001</subfield>
         <subfield code="l">INTERNET</subfield>
         <subfield code="m">NEOS_FREE</subfield>
         <subfield code="r">Y</subfield>
         <subfield code="s">Y</subfield>
         <subfield code="t">E-RESOURCE</subfield>
         <subfield code="u">3/2/2015</subfield>
         <subfield code="x">E-BOOK</subfield>
         <subfield code="z">NAP</subfield>
      </datafield>
   </record>
</collection>
